%% LaTeX2e file `references.bib'
%% generated by the `filecontents' environment
%% from source `proj5' on 2024/05/03.
%%
    @article{umich,
    author = {Morris, J.},
    title = {8.2 Red-Black Trees},
    journal = {Data Structures and Algorithms},
    year = {1998},
    url = {https://www.eecs.umich.edu/courses/eecs380/ALG/red_black.html},
    }
    @article{muni,
    author = {Focko, M.},
    title = {Použití červeno-černých stromů},
    journal = {IB002: Algorithms},
    year = {11.12.2022},
    url = {https://www.fi.muni.cz/~xfocko/kb/ib002/rb-trees/applications},
    }
    @book{bay,
    author = {Bayer, R.},
    title = {Symmetric binary B-Trees: Data structure and maintenance algorithms},
    publisher = {Acta Informatica},
    year = {1972},
    doi = {10.1007/BF00289509},
    }
    @book{al,
    author = {Cormen, Thomas H.},
    title = {Introduction to Algorithms},
    publisher = {Acta Informatica},
    year = {2001},
    isbn = {978-0-262-03293-3},
    }
